@electronic{BIB:RedesSociales,
	title         = "Redes sociales y Web 2.0.",
	url           = "http://www.slideshare.net/carloscaicedo/la-web-20-y-las-redes-sociales",
	year          = " Sept 2013",
	key           = "Web2.0"
}

@electronic{BIB:programaErasmus,
	title         = "Programa Erasmus.",
	url           = "http://es.wikipedia.org/wiki/Programa_Erasmus",
	year          = "Sept 2013",
	key           = "Erasmus"
}

@electronic{BIB:FrameworkBootstrap,
	title         = "Get Bootstrap",
	url           = "http://getbootstrap.com/",
	year          = "Oct 2013",
	key           = "BootFram"
}

@electronic{BIB:BootTutorial,
	title         = "Bootstrap Tutorial",
	url           = "http://www.w3schools.com/bootstrap/",
	year          = "Oct 2013",
	key           = "BootTuto"
}

@electronic{BIB:API_DB,
	title         = "Libro de Django.",
	url           = "http://django-book.mkaufmann.com.ar/appendixC.html",
	year          = "Nov 2013",
	key           = "Django_API"
}

@electronic{BIB:Django,
	title         = "Django documentation.",
	url           = "https://docs.djangoproject.com/en/1.5/intro/tutorial01/",
	year          = "Nov 2013",
	key           = "Django"
}

@electronic{BIB:jQuery,
	title         = "jQuery write less, do more.",
	url           = "http://jquery.com/",
	year          = "Feb 2014",
	key           = "jQuery"
}

@electronic{BIB:Github,
	title         = "Github, do not get scared, get started",
	url           = "http://readwrite.com/2013/09/30/understanding-github-a-journey-for-beginners-part-1",
	year          = "Feb 2014",
	key           = "GitTuto"
}

@electronic{BIB:MapsAPI,
	title         = "Google Maps API",
	url           = "https://www.google.com/intx/es-419/work/mapsearth/products/mapsapi.html",
	year          = "Abr 2014",
	key           = "Maps"
}

@electronic{BIB:JSTutorial,
	title         = "JavaScript Tutorial",
	url           = "http://www.w3schools.com/js/",
	year          = "Abr 2014",
	key           = "JSTuto"
}

@electronic{BIB:Google,
	title         = "Google Developers Console.",
	url           = "https://console.developers.google.com/project",
	year          = "Abr 2014",
	key           = "GoogleDev"
}

@electronic{BIB:Alwaysdata,
	title         = "Alwaysdata Tutorial: how to deploy python project.",
	url           = "https://help.alwaysdata.com/languages/python/django/",
	year          = "May 2014",
	key           = "Alwaysdata"
}